%% LaTeX2e file `bachelor-thesis.bib'
%% generated by the `filecontents' environment
%% from source `bachelor-thesis' on 2020/05/27.
%%
 @incollection{feurer-automlbook19a,
  author    = {Feurer, Matthias and Hutter, Frank},
  title     = {Hyperparameter Optimization},
  year      = {2019},
  month     = may,
  editor    = {Hutter, Frank and Kotthoff, Lars and Vanschoren, Joaquin},
  booktitle = {AutoML: Methods, Sytems, Challenges},
  publisher = {Springer},
  chapter   = {1},
  pages     = {3--33},
 }
 @misc{lindauer2017warmstarting,
  title={Warmstarting of Model-based Algorithm Configuration},
  author={Marius Lindauer and Frank Hutter},
  year={2017},
  eprint={1709.04636},
  archivePrefix={arXiv},
  primaryClass={cs.AI}
 }
 @techreport{HutHooLey10-TR,
  author = {Hutter, F. and Hoos, H.~H. and Leyton-Brown, K.},
  title = {Sequential Model-Based Optimization for General Algorithm Configuration (extended version)},
  institution = {University of British Columbia, Department of Computer Science},
  year = {2010},
  number = {TR-2010-10},
  note = {Available online: {http://www.cs.ubc.ca/\~{}hutter/papers/10-TR-SMAC.pdf}}
 }
 @incollection{NIPS2015_5872,
  title = {Efficient and Robust Automated Machine Learning},
  author = {Feurer, Matthias and Klein, Aaron and Eggensperger, Katharina and Springenberg, Jost and Blum, Manuel and Hutter, Frank},
  booktitle = {Advances in Neural Information Processing Systems 28},
  editor = {C. Cortes and N. D. Lawrence and D. D. Lee and M. Sugiyama and R. Garnett},
  pages = {2962--2970},
  year = {2015},
  publisher = {Curran Associates, Inc.},
  url = {http://papers.nips.cc/paper/5872-efficient-and-robust-automated-machine-learning.pdf}
 }
 @InProceedings{falkner-icml-18,
  title =        {{BOHB}: Robust and Efficient Hyperparameter Optimization at Scale},
  author =       {Falkner, Stefan and Klein, Aaron and Hutter, Frank},
  booktitle =    {Proceedings of the 35th International Conference on Machine Learning (ICML 2018)},
  pages =        {1436--1445},
  year =         {2018},
  month =        jul,
 }

