%% LaTeX2e file `thesis.bib'
%% generated by the `filecontents' environment
%% from source `thesis' on 2020/05/04.
%%
 @inproceedings{hutter2010automated,
  title={Automated configuration of mixed integer programming solvers},
  author={Hutter, Frank and Hoos, Holger H and Leyton-Brown, Kevin},
  booktitle={International Conference on Integration of Artificial Intelligence (AI) and Operations Research (OR) Techniques in Constraint Programming},
  pages={186--202},
  year={2010},
  organization={Springer},
  langid={english}
 }
